@MISC{Git,
author = {GitHub, Inc},
title = {GitHub},
month = jun,
year = {2013},
howpublished={\url{http://www.test.org/doe/}}
}
@MISC{enigmatut,
author = {Enigma},
title = {enigma v4.3},
month = jun,
year = {2013},
howpublished={\url{http://enigmaco.de/enigma/enigma.html}}
}
@MISC{wiki,
author = {Wikipedia, Inc},
title = {Enigma rotor details},
month = jun,
year = {2013},
howpublished={\url{https://en.wikipedia.org/wiki/Enigma_rotor_details#Rotor_wiring_tables}}
}

@MISC{pjwstk,
author = {Wojciech M¹ka},
title = {Wyk³ad VI. Szyfrowanie mechaniczne},
month = jun,
year = {2013},
howpublished={\url{https://en.wikipedia.org/wiki/Enigma_rotor_details#Rotor_wiring_tables}}
}

@article{Hamer,
 author = {Hamer, David H. and Sullivan, Geoff and Weierud, Frode},
 title = {Enigma variations: an extended family of machines},
 journal = {Cryptologia},
 issue_date = {July 1, 1998},
 volume = {22},
 number = {3},
 month = jul,
 year = {1998},
 issn = {0161-1194},
 pages = {211--229},
 numpages = {19},
 url = {http://dx.doi.org/10.1080/0161-119891886885},
 doi = {10.1080/0161-119891886885},
 acmid = {295518},
 publisher = {Taylor \& Francis, Inc.},
 address = {Bristol, PA, USA},
 keywords = {computer simulations, enigma, multi-notch machines, railway enigma, rotor classes, rotor wiring},
} 

@ARTICLE{4640685, 
author={Rejewski, Marian}, 
journal={Annals of the History of Computing}, 
title={How Polish Mathematicians Broke the Enigma Cipher}, 
year={1981}, 
volume={3}, 
number={3}, 
pages={213-234}, 
keywords={Chromium;Condition monitoring;Cryptography;Government;Information processing;Law;Legal factors;Permission;Technological innovation;Writing}, 
doi={10.1109/MAHC.1981.10033}, 
ISSN={0164-1239},}

@book{Hodges,
 author = {Hodges, Andrew},
 title = {Alan Turing: The Enigma},
 year = {2000},
 isbn = {0802775802},
 publisher = {Walker \& Company},
} 